@book{Nielsen_2009,
	doi = {10.1017/cbo9780511976667},
	url = {https://doi.org/10.1017%2Fcbo9780511976667},
	year = 2009,
	publisher = {Cambridge University Press},
	author = {Michael A. Nielsen and Isaac L. Chuang},
	title = {Quantum Computation and Quantum Information}
}

@Article{Arute2019,
	doi={10.1038/s41586-019-1666-5},
	url={https://doi.org/10.1038/s41586-019-1666-5},
	issn={1476-4687},
	year={2019},
	month={Oct},
	volume={574},
	number={7779},
	pages={505-510},
	author={Arute, Frank
		and Arya, Kunal
		and Babbush, Ryan
		and Bacon, Dave
		and Bardin, Joseph C.
		and Barends, Rami
		and Biswas, Rupak
		and Boixo, Sergio
		and Brandao, Fernando G. S. L.
		and Buell, David A.
		and Burkett, Brian
		and Chen, Yu
		and Chen, Zijun
		and Chiaro, Ben
		and Collins, Roberto
		and Courtney, William
		and Dunsworth, Andrew
		and Farhi, Edward
		and Foxen, Brooks
		and Fowler, Austin
		and Gidney, Craig
		and Giustina, Marissa
		and Graff, Rob
		and Guerin, Keith
		and Habegger, Steve
		and Harrigan, Matthew P.
		and Hartmann, Michael J.
		and Ho, Alan
		and Hoffmann, Markus
		and Huang, Trent
		and Humble, Travis S.
		and Isakov, Sergei V.
		and Jeffrey, Evan
		and Jiang, Zhang
		and Kafri, Dvir
		and Kechedzhi, Kostyantyn
		and Kelly, Julian
		and Klimov, Paul V.
		and Knysh, Sergey
		and Korotkov, Alexander
		and Kostritsa, Fedor
		and Landhuis, David
		and Lindmark, Mike
		and Lucero, Erik
		and Lyakh, Dmitry
		and Mandr{\`a}, Salvatore
		and McClean, Jarrod R.
		and McEwen, Matthew
		and Megrant, Anthony
		and Mi, Xiao
		and Michielsen, Kristel
		and Mohseni, Masoud
		and Mutus, Josh
		and Naaman, Ofer
		and Neeley, Matthew
		and Neill, Charles
		and Niu, Murphy Yuezhen
		and Ostby, Eric
		and Petukhov, Andre
		and Platt, John C.
		and Quintana, Chris
		and Rieffel, Eleanor G.
		and Roushan, Pedram
		and Rubin, Nicholas C.
		and Sank, Daniel
		and Satzinger, Kevin J.
		and Smelyanskiy, Vadim
		and Sung, Kevin J.
		and Trevithick, Matthew D.
		and Vainsencher, Amit
		and Villalonga, Benjamin
		and White, Theodore
		and Yao, Z. Jamie
		and Yeh, Ping
		and Zalcman, Adam
		and Neven, Hartmut
		and Martinis, John M.},
	title={Quantum supremacy using a programmable superconducting processor},
	journal={Nature}
}

@article{Baum_1985,
	doi = {10.1063/1.449344},
	url = {https://doi.org/10.1063%2F1.449344},
	year = 1985,
	month = {sep},
	publisher = {{AIP} Publishing},
	volume = {83},
	number = {5},
	pages = {2015--2025},
	author = {J. Baum and M. Munowitz and A. N. Garroway and A. Pines},
	title = {Multiple-quantum dynamics in solid state {NMR}},
	journal = {The Journal of Chemical Physics}
}
@article{Furman_2008,
	doi = {10.1103/physreva.78.042301},
	url = {https://doi.org/10.1103%2Fphysreva.78.042301},
	year = 2008,
	month = {oct},
	publisher = {American Physical Society ({APS})},
	volume = {78},
	number = {4},
	author = {G. B. Furman and V. M. Meerovich and V. L. Sokolovsky},
	title = {Multiple quantum {NMR} and entanglement dynamics in dipolar coupling spin systems},
	journal = {Physical Review A}
}
@article{Furman_2009,
	doi = {10.1007/s11128-009-0103-3},
	url = {https://doi.org/10.1007%2Fs11128-009-0103-3},
	year = 2009,
	month = {feb},
	publisher = {Springer Science and Business Media {LLC}},
	volume = {8},
	number = {4},
	pages = {283--291},
	author = {G. B. Furman and V. M. Meerovich and V. L. Sokolovsky},
	title = {Nuclear polarization and entanglement in spin systems},
	journal = {Quantum Information Processing}
}
@article{Fel_dman_2008,
	doi = {10.1134/s0021364008180124},
	url = {https://doi.org/10.1134%2Fs0021364008180124},
	year = 2008,
	month = {nov},
	publisher = {Pleiades Publishing Ltd},
	volume = {88},
	number = {6},
	pages = {398--401},
	author = {E. B. Fel'dman and A. N. Pyrkov},
	title = {Evolution of spin entanglement and an entanglement witness in multiple-quantum {NMR} experiments},
	journal = {{JETP} Letters}
}
@article{Fel_dman_2012,
	doi = {10.1098/rsta.2011.0499},
	url = {https://doi.org/10.1098%2Frsta.2011.0499},
	year = 2012,
	month = {oct},
	publisher = {The Royal Society},
	volume = {370},
	number = {1976},
	pages = {4690--4712},
	author = {E. B. Fel{\textquotesingle}dman and A. N. Pyrkov and A. I. Zenchuk},
	title = {Solid-state multiple quantum {NMR} in quantum information processing: exactly solvable models},
	journal = {Philosophical Transactions of the Royal Society A: Mathematical, Physical and Engineering Sciences}
}
@article{G_rttner_2018,
	doi = {10.1103/physrevlett.120.040402},
	url = {https://doi.org/10.1103%2Fphysrevlett.120.040402},
	year = 2018,
	month = {jan},
	publisher = {American Physical Society ({APS})},
	volume = {120},
	number = {4},
	author = {Martin GÃ¤rttner and Philipp Hauke and Ana Maria Rey},
	title = {Relating Out-of-Time-Order Correlations to Entanglement via Multiple-Quantum Coherences},
	journal = {Physical Review Letters}
}
@article{T_th_2014,
	doi = {10.1088/1751-8113/47/42/424006},
	url = {https://doi.org/10.1088%2F1751-8113%2F47%2F42%2F424006},
	year = 2014,
	month = {oct},
	publisher = {{IOP} Publishing},
	volume = {47},
	number = {42},
	pages = {424006},
	author = {G{\'{e}}za T{\'{o}}th and Iagoba Apellaniz},
	title = {Quantum metrology from a quantum information science perspective},
	journal = {Journal of Physics A: Mathematical and Theoretical}
}
@article{Pezz__2018,
	doi = {10.1103/revmodphys.90.035005},
	url = {https://doi.org/10.1103%2Frevmodphys.90.035005},
	year = 2018,
	month = {sep},
	publisher = {American Physical Society ({APS})},
	volume = {90},
	number = {3},
	author = {Luca Pezz{\`{e}} and Augusto Smerzi and Markus K. Oberthaler and Roman Schmied and Philipp Treutlein},
	title = {Quantum metrology with nonclassical states of atomic ensembles},
	journal = {Reviews of Modern Physics}
}
@article{Liu_2014,
	doi = {10.1016/j.physa.2014.05.028},
	url = {https://doi.org/10.1016%2Fj.physa.2014.05.028},
	year = 2014,
	month = {sep},
	publisher = {Elsevier {BV}},
	volume = {410},
	pages = {167--173},
	author = {Jing Liu and Heng-Na Xiong and Fei Song and Xiaoguang Wang},
	title = {Fidelity susceptibility and quantum Fisher information for density operators with arbitrary ranks},
	journal = {Physica A: Statistical Mechanics and its Applications}
}
@article{Khitrin_1997,
	doi = {10.1016/s0009-2614(97)00661-1},
	url = {https://doi.org/10.1016%2Fs0009-2614%2897%2900661-1},
	year = 1997,
	month = {aug},
	publisher = {Elsevier {BV}},
	volume = {274},
	number = {1-3},
	pages = {217--220},
	author = {A.K. Khitrin},
	title = {Growth of {NMR} multiple-quantum coherences in quasi-one-dimensional systems},
	journal = {Chemical Physics Letters}
}
@article{Doronin_2019,
	doi = {10.1103/physreva.100.022330},
	url = {https://doi.org/10.1103%2Fphysreva.100.022330},
	year = 2019,
	month = {aug},
	publisher = {American Physical Society ({APS})},
	volume = {100},
	number = {2},
	author = {S. I. Doronin and E. B. Fel{\textquotesingle}dman and I. D. Lazarev},
	title = {Many-particle entanglement in multiple quantum nuclear-magnetic-resonance spectroscopy},
	journal = {Physical Review A}
}
@article{Baugh_2001,
	doi = {10.1126/science.1065373},
	url = {https://doi.org/10.1126%2Fscience.1065373},
	year = 2001,
	month = {nov},
	publisher = {American Association for the Advancement of Science ({AAAS})},
	volume = {294},
	number = {5546},
	pages = {1505--1507},
	author = {J. Baugh},
	title = {Confinement Effect on Dipole-Dipole Interactions in Nanofluids},
	journal = {Science}
}
@article{Doronin_2009,
	doi = {10.1063/1.3231692},
	url = {https://doi.org/10.1063%2F1.3231692},
	year = 2009,
	publisher = {{AIP} Publishing},
	volume = {131},
	number = {10},
	pages = {104109},
	author = {S. I. Doronin and A. V. Fedorova and E. B. Fel'dman and A. I. Zenchuk},
	title = {Multiple quantum {NMR} dynamics of spin-12 carrying molecules of a gas in nanopores},
	journal = {The Journal of Chemical Physics}
}
@article{Doronin_2007a,
	doi = {10.1103/physrevb.76.144405},
	url = {https://doi.org/10.1103%2Fphysrevb.76.144405},
	year = 2007,
	month = {oct},
	publisher = {American Physical Society ({APS})},
	volume = {76},
	number = {14},
	author = {S. I. Doronin and E. B. Fel'dman and E. I. Kuznetsova and G. B. Furman and S. D. Goren},
	title = {Multiple quantum {NMR} dynamics in dipolar ordered spin systems},
	journal = {Physical Review B}
}
@article{Andrew_1971,
	doi = {10.1088/0031-9112/22/3/030},
	url = {https://doi.org/10.1088%2F0031-9112%2F22%2F3%2F030},
	year = 1971,
	month = {mar},
	publisher = {{IOP} Publishing},
	volume = {22},
	number = {3},
	pages = {161--161},
	author = {E R Andrew},
	title = {Spin Temperature and Nuclear Magnetic Resonance in Solids},
	journal = {Physics Bulletin}
}
@article{Slichter_1961,
	doi = {10.1103/physrev.122.1701},
	url = {https://doi.org/10.1103%2Fphysrev.122.1701},
	year = 1961,
	month = {jun},
	publisher = {American Physical Society ({APS})},
	volume = {122},
	number = {6},
	pages = {1701--1708},
	author = {C. P. Slichter and William C. Holton},
	title = {Adiabatic Demagnetization in a Rotating Reference System},
	journal = {Physical Review}
}
@article{Jeener_1967,
	doi = {10.1103/physrev.157.232},
	url = {https://doi.org/10.1103%2Fphysrev.157.232},
	year = 1967,
	month = {may},
	publisher = {American Physical Society ({APS})},
	volume = {157},
	number = {2},
	pages = {232--240},
	author = {J. Jeener and P. Broekaert},
	title = {Nuclear Magnetic Resonance in Solids: Thermodynamic Effects of a Pair of rf Pulses},
	journal = {Physical Review}
}
@article{Doronin_2007b,
	doi = {10.1134/s0021364007130061},
	url = {https://doi.org/10.1134%2Fs0021364007130061},
	year = 2007,
	month = {sep},
	publisher = {Pleiades Publishing Ltd},
	volume = {86},
	number = {1},
	pages = {24--27},
	author = {S. I. Doronin and E. B. Fel'dman and E. I. Kuznetsova and G. B. Furman and S. D. Goren},
	title = {Dipolar temperature and multiple-quantum {NMR} dynamics in dipolar ordered-spin systems},
	journal = {{JETP} Letters}
}
@article{Doronin_2011,
	doi = {10.1134/s1063776111130036},
	url = {https://doi.org/10.1134%2Fs1063776111130036},
	year = 2011,
	month = {sep},
	publisher = {Pleiades Publishing Ltd},
	volume = {113},
	number = {3},
	pages = {495--501},
	author = {S. I. Doronin and E. B. Fel'dman and A. I. Zenchuk},
	title = {The multiple quantum {NMR} dynamics in systems of equivalent spins with a dipolar ordered initial state},
	journal = {Journal of Experimental and Theoretical Physics}
}
@article{Abragam_1982,
	doi = {10.1063/1.2914893},
	url = {https://doi.org/10.1063%2F1.2914893},
	year = 1982,
	month = {dec},
	publisher = {{AIP} Publishing},
	volume = {35},
	number = {12},
	pages = {61--63},
	author = {A. Abragam and M. Goldman and Alfred G. Redfield},
	title = {Nuclear Magnetism: Order and Disorder},
	journal = {Physics Today}
}
@article{Baum_1986,
	doi = {10.1021/ja00284a001},
	url = {https://doi.org/10.1021%2Fja00284a001},
	year = 1986,
	month = {nov},
	publisher = {American Chemical Society ({ACS})},
	volume = {108},
	number = {24},
	pages = {7447--7454},
	author = {J. Baum and A. Pines},
	title = {{NMR} studies of clustering in solids},
	journal = {Journal of the American Chemical Society}
}
@article{S_nchez_2014,
	doi = {10.1103/physreva.90.042122},
	url = {https://doi.org/10.1103%2Fphysreva.90.042122},
	year = 2014,
	month = {oct},
	publisher = {American Physical Society ({APS})},
	volume = {90},
	number = {4},
	author = {Claudia M. S{\'{a}}nchez and Rodolfo H. Acosta and Patricia R. Levstein and Horacio M. Pastawski and Ana K. Chattah},
	title = {Clustering and decoherence of correlated spins under double quantum dynamics},
	journal = {Physical Review A}
}
@article{Munowitz_1987,
	doi = {10.1063/1.452028},
	url = {https://doi.org/10.1063%2F1.452028},
	year = 1987,
	month = {mar},
	publisher = {{AIP} Publishing},
	volume = {86},
	number = {6},
	pages = {3172--3182},
	author = {Michael Munowitz and Alexander Pines and Michael Mehring},
	title = {Multiple-quantum dynamics in {NMR}: A directed walk through Liouville space},
	journal = {The Journal of Chemical Physics}
}
@article{Alvarez_2015,
	doi = {10.1126/science.1261160},
	url = {https://doi.org/10.1126%2Fscience.1261160},
	year = 2015,
	month = {aug},
	publisher = {American Association for the Advancement of Science ({AAAS})},
	volume = {349},
	number = {6250},
	pages = {846--848},
	author = {G. A. Alvarez and D. Suter and R. Kaiser},
	title = {Localization-delocalization transition in the dynamics of dipolar-coupled nuclear spins},
	journal = {Science}
}
@article{Wei_2018,
	doi = {10.1103/physrevlett.120.070501},
	url = {https://doi.org/10.1103%2Fphysrevlett.120.070501},
	year = 2018,
	month = {feb},
	publisher = {American Physical Society ({APS})},
	volume = {120},
	number = {7},
	author = {Ken Xuan Wei and Chandrasekhar Ramanathan and Paola Cappellaro},
	title = {Exploring Localization in Nuclear Spin Chains},
	journal = {Physical Review Letters}
}
@article{Fel_dman_2004,
	doi = {10.1134/1.1675888},
	url = {https://doi.org/10.1134%2F1.1675888},
	year = 2004,
	month = {feb},
	publisher = {Pleiades Publishing Ltd},
	volume = {98},
	number = {2},
	pages = {207--219},
	author = {E. B. Fel'dman and M. G. Rudavets},
	title = {Nonergodic nuclear depolarization in nanocavities},
	journal = {Journal of Experimental and Theoretical Physics}
}
@article{Fel_dman_1996,
	doi = {10.1016/0009-2614(96)00239-4},
	url = {https://doi.org/10.1016%2F0009-2614%2896%2900239-4},
	year = 1996,
	month = {apr},
	publisher = {Elsevier {BV}},
	volume = {253},
	number = {1-2},
	pages = {27--31},
	author = {Edward B. Fel{\textquotesingle}dman and Serge Lacelle},
	title = {Multiple quantum {NMR} spin dynamics in one-dimensional quantum spin chains},
	journal = {Chemical Physics Letters}
}
@article{Zhang_2009,
	doi = {10.1103/physreva.80.052323},
	url = {https://doi.org/10.1103%2Fphysreva.80.052323},
	year = 2009,
	month = {nov},
	publisher = {American Physical Society ({APS})},
	volume = {80},
	number = {5},
	author = {Wenxian Zhang and Paola Cappellaro and Natania Antler and Brian Pepper and David G. Cory and Viatcheslav V. Dobrovitski and Chandrasekhar Ramanathan and Lorenza Viola},
	title = {{NMR} multiple quantum coherences in quasi-one-dimensional spin systems: Comparison with ideal spin-chain dynamics},
	journal = {Physical Review A}
}
@article{Girolami_2017,
	doi = {10.3390/e19030124},
	url = {https://doi.org/10.3390%2Fe19030124},
	year = 2017,
	month = {mar},
	publisher = {{MDPI} {AG}},
	volume = {19},
	number = {3},
	pages = {124},
	author = {Davide Girolami and Benjamin Yadin},
	title = {Witnessing Multipartite Entanglement by Detecting Asymmetry},
	journal = {Entropy}
}
@article{Helstrom_1969,
	doi = {10.1007/bf01007479},
	url = {https://doi.org/10.1007%2Fbf01007479},
	year = 1969,
	publisher = {Springer Science and Business Media {LLC}},
	volume = {1},
	number = {2},
	pages = {231--252},
	author = {Carl W. Helstrom},
	title = {Quantum detection and estimation theory},
	journal = {Journal of Statistical Physics}
}
@article{Pezz__2009,
	doi = {10.1103/physrevlett.102.100401},
	url = {https://doi.org/10.1103%2Fphysrevlett.102.100401},
	year = 2009,
	month = {mar},
	publisher = {American Physical Society ({APS})},
	volume = {102},
	number = {10},
	author = {Luca Pezz{\'{e}} and Augusto Smerzi},
	title = {Entanglement, Nonlinear Dynamics, and the Heisenberg Limit},
	journal = {Physical Review Letters}
}
@article{Hyllus_2012,
	doi = {10.1103/physreva.85.022321},
	url = {https://doi.org/10.1103%2Fphysreva.85.022321},
	year = 2012,
	month = {feb},
	publisher = {American Physical Society ({APS})},
	volume = {85},
	number = {2},
	author = {Philipp Hyllus and Wies{\l}aw Laskowski and Roland Krischek and Christian Schwemmer and Witlef Wieczorek and Harald Weinfurter and Luca Pezz{\'{e}} and Augusto Smerzi},
	title = {Fisher information and multiparticle entanglement},
	journal = {Physical Review A}
}
@article{T_th_2012,
	doi = {10.1103/physreva.85.022322},
	url = {https://doi.org/10.1103%2Fphysreva.85.022322},
	year = 2012,
	month = {feb},
	publisher = {American Physical Society ({APS})},
	volume = {85},
	number = {2},
	author = {G{\'{e}}za T{\'{o}}th},
	title = {Multipartite entanglement and high-precision metrology},
	journal = {Physical Review A}
}
